@BOOK{texbook,
   author = "Donald E. Knuth",
   title= "The {{\TeX}book}",
   publisher = "Addison-Wesley",
   year = 1984 }

@book{berger2013stat,
  title={Statistical decision theory and Bayesian analysis},
  author={Berger, James O},
  year={2013},
  publisher={Springer Science \& Business Media}
}

@article{davidson2015bay,
  title={Bayesian Methods for Hackers: Probabilistic Programming and Bayesian Inference},
  author={Davidson-Pilon, Cameron},
  year={2015},
  publisher={Addison-Wesley Professional}
}

