
@article{braathen_longyearbyen_2012,
	title = {The {Longyearbyen} {CO}2 {Lab} of {Svalbard}, {Norway}—initial assessment of the geological conditions for {CO}2 sequestration.},
	volume = {92},
	url = {http://www.alvarbraathen.com/wp-content/uploads/2013/12/Braathen-etal-2013-LYB-CO2-summary2.pdf},
	number = {4},
	urldate = {2017-10-07},
	journal = {Norwegian Journal of Geology/Norsk Geologisk Forening},
	author = {Braathen, Alvar and Bælum, Karoline and Christiansen, Hanne H. and Dahl, Trygve and Eiken, Ola and Elvebakk, Harald and Hansen, Fred and Hanssen, Tor Harald and Jochmann, Malte and Johansen, Tor Arne and {others}},
	year = {2012},
	file = {Braathen et al 2012 - The Longyearbyen CO2 Lab of Svalbard, Norway — initial assessment of the geological conditions for CO2 sequestration.pdf:/media/data/Zotero/storage/QYAXJT8P/Braathen et al 2012 - The Longyearbyen CO2 Lab of Svalbard, Norway — initial assessment of the geological conditions for CO2 sequestration.pdf:application/pdf;Full Text:/media/data/Zotero/storage/8AVJC9IF/Braathen et al. - 2012 - The Longyearbyen CO 2 Lab of Svalbard, Norway—init.pdf:application/pdf}
}

@article{kelley_climate_2015,
	title = {Climate change in the {Fertile} {Crescent} and implications of the recent {Syrian} drought},
	volume = {112},
	url = {http://www.pnas.org/content/112/11/3241.short},
	number = {11},
	urldate = {2017-10-07},
	journal = {Proceedings of the National Academy of Sciences},
	author = {Kelley, Colin P. and Mohtadi, Shahrzad and Cane, Mark A. and Seager, Richard and Kushnir, Yochanan},
	year = {2015},
	pages = {3241--3246},
	file = {Snapshot:/media/data/Zotero/storage/N5SN34HC/3241.html:text/html}
}

@article{mondol_experimental_2007,
	title = {Experimental mechanical compaction of clay mineral aggregates—{Changes} in physical properties of mudstones during burial},
	volume = {24},
	url = {http://www.sciencedirect.com/science/article/pii/S026481720700027X},
	number = {5},
	urldate = {2017-10-09},
	journal = {Marine and Petroleum Geology},
	author = {Mondol, Nazmul H. and Bjørlykke, Knut and Jahren, Jens and Høeg, Kaare},
	year = {2007},
	pages = {289--311},
	file = {Snapshot:/media/data/Zotero/storage/JZCQPJ42/S026481720700027X.html:text/html}
}